<record><leader>00000cas a22000007a 4500</leader><controlfield tag="001">25113752</controlfield><controlfield tag="008">920115d18971uuuiluwr ne      0    0eng d</controlfield><datafield ind1=" " ind2=" " tag="010"><subfield code="a">sn 92054437 </subfield></datafield><datafield ind1=" " ind2=" " tag="040"><subfield code="a">NVF</subfield><subfield code="b">eng</subfield><subfield code="c">NVF</subfield><subfield code="d">OCLCQ</subfield><subfield code="d">NVF</subfield><subfield code="d">OCLCQ</subfield></datafield><datafield ind1=" " ind2=" " tag="042"><subfield code="a">msc</subfield></datafield><datafield ind1=" " ind2=" " tag="043"><subfield code="a">n-us-il</subfield></datafield><datafield ind1="0" ind2="4" tag="245"><subfield code="a">The Tallula journal.</subfield></datafield><datafield ind1=" " ind2=" " tag="260"><subfield code="a">Tallula, Ill. :</subfield><subfield code="b">P.W. Bast,</subfield><subfield code="c">1897-</subfield></datafield><datafield ind1=" " ind2=" " tag="300"><subfield code="a">v.</subfield></datafield><datafield ind1=" " ind2=" " tag="310"><subfield code="a">Weekly</subfield></datafield><datafield ind1="0" ind2=" " tag="362"><subfield code="a">Vol. 6, no. 48 (Feb. 20, 1897)-</subfield></datafield><datafield ind1=" " ind2="4" tag="651"><subfield code="a">Tallula (Ill.)</subfield><subfield code="v">Newspapers.</subfield></datafield><datafield ind1=" " ind2=" " tag="752"><subfield code="a">United States</subfield><subfield code="b">Illinois</subfield><subfield code="c">Menard</subfield><subfield code="d">Tallula.</subfield></datafield><datafield ind1="0" ind2="0" tag="780"><subfield code="t">Express (Tallula, Ill.)</subfield><subfield code="w">(DLC)sn2008060401</subfield><subfield code="w">(OCoLC)187304089</subfield></datafield><datafield ind1="1" ind2=" " tag="029"><subfield code="a">AU@</subfield><subfield code="b">000025900607</subfield></datafield></record>